%@misc{example-reference,
%    author    = "L. Masinter",
%    title     = "Hyper Text Coffee Pot Control Protocol (HTCPCP/1.0)",
%    url       = "https://tools.ietf.org/html/rfc2324",
%    note      = "[Accessed: 24-05-2019]"
%}
@misc{oauth2,
    author = "Internet Engineering Task Force",
    % titleaddon = {RFC-6749},
    title = "The OAuth 2.0 Authorization Framework",
    url = "https://tools.ietf.org/html/rfc6749",
    note = "[Accessed: 4-04-2021]"
    % year = {2012},
}
@misc{rocket-oauth2,
    author = "Jeb Rosen",
    % titleaddon = {RFC-6749},
    title = "rocket\_oauth2",
    url = "https://docs.rs/rocket_oauth2/0.4.1/rocket_oauth2/",
    note = "[Accessed: 4-04-2021]"
    % year = {2012},
}
@misc{gitlab-time-issue,
    author = "Régis Freyd",
    % titleaddon = {RFC-6749},
    title = "Support time logging in commit messages",
    url = "https://gitlab.com/gitlab-org/gitlab/-/issues/16543",
    note = "[Accessed: 14-04-2021]"
    % year = {2012},
}
@misc{recharts-readme,
    % author = "Régis Freyd",
    % titleaddon = {RFC-6749},
    title = "Recarts",
    url = "https://github.com/recharts/recharts",
    note = "[Accessed: 14-04-2021]"
    % year = {2012},
}
@misc{hakatime-readme,
    % author = "Régis Freyd",
    % titleaddon = {RFC-6749},
    title = "Hakatime",
    url = "https://github.com/mujx/hakatime",
    note = "[Accessed: 28-04-2021]"
    % year = {2012},
}
@misc{wakapi-readme,
    % author = "Régis Freyd",
    % titleaddon = {RFC-6749},
    title = "Wakapi",
    url = "https://github.com/muety/wakapi",
    note = "[Accessed: 28-04-2021]"
    % year = {2012},
}
@misc{general-time-tracking-alternatives,
    author = "Roxine Kee ",
    title = "The Best Time Tracking Apps in 2021: Toggl, Clockify, and More",
    url = "https://collegeinfogeek.com/time-tracking-app/",
    note = "[Accessed: 05-05-2021]"
}
@misc{state-of-frontend-report,
    % author = "Dylan Schiemann",
    % titleaddon = {RFC-6749},
    title = "State of frontend",
    url = "https://tsh.io/state-of-frontend/#frameworks",
    note = "[Accessed: 04-05-2021]"
    % year = {2020},
}
@misc{domain-driven-design,
    % author = "Martin Fowler",
    % titleaddon = {RFC-6749},
    title = "Domain driven design",
    url = "https://martinfowler.com/bliki/DomainDrivenDesign.html",
    note = "[Accessed: 04-05-2021]"
    % year = {2020},
}
@misc{open-source-licences,
    author = "Patricia Johnson",
    % titleaddon = {RFC-6749},
    title = "Open Source Licenses in 2021: Trends and Predictions",
    url = "https://www.whitesourcesoftware.com/resources/blog/open-source-licenses-trends-and-predictions",
    note = "[Accessed: 07-05-2021]",
    year = {2021},
}
@misc{mit-licences,
    % author = "Patricia Johnson",
    % titleaddon = {RFC-6749},
    title = "MIT License",
    url = "https://choosealicense.com/licenses/mit/",
    note = "[Accessed: 07-05-2021]",
    % year = {2021},
}
@misc{apache-2-licences,
    % author = "Patricia Johnson",
    % titleaddon = {RFC-6749},
    title = "Apache License 2.0",
    url = "https://choosealicense.com/licenses/apache-2.0/",
    note = "[Accessed: 07-05-2021]",
    % year = {2021},
}
@misc{gplv3-licence,
    % author = "Patricia Johnson",
    % titleaddon = {RFC-6749},
    title = "GNU General Public License v3.0",
    url = "https://choosealicense.com/licenses/gpl-3.0/",
    note = "[Accessed: 07-05-2021]",
    % year = {2021},
}
@misc{lgplv3-licence,
    % author = "Patricia Johnson",
    % titleaddon = {RFC-6749},
    title = "GNU Lesser General Public License v3.0",
    url = "https://choosealicense.com/licenses/lgpl-3.0/",
    note = "[Accessed: 07-05-2021]",
% year = {2021},
}
